@article{cai2016judging,
  title={Judging online peer-to-peer lending behavior: A comparison of first-time and repeated borrowing requests},
  author={Cai, Shun and Lin, Xi and Xu, Di and Fu, Xin},
  journal={Information \& Management},
  volume={53},
  number={7},
  pages={857--867},
  year={2016},
  publisher={Elsevier}
}

@article{cocser2019predictive,
  title={PREDICTIVE MODELS FOR LOAN DEFAULT RISK ASSESSMENT.},
  author={Co{\c{s}}er, Alexandru and Maer-Matei, Monica Mihaela and Albu, Cri{\c{s}}an},
  journal={Economic Computation \& Economic Cybernetics Studies \& Research},
  volume={53},
  number={2},
  year={2019}
}

@article{khandani2010consumer,
  title={Consumer credit-risk models via machine-learning algorithms},
  author={Khandani, Amir E and Kim, Adlar J and Lo, Andrew W},
  journal={Journal of Banking \& Finance},
  volume={34},
  number={11},
  pages={2767--2787},
  year={2010},
  publisher={Elsevier}
}

@article{lenz2016peer,
  title={Peer-to-peer lending: Opportunities and risks},
  author={Lenz, Rainer},
  journal={European Journal of Risk Regulation},
  volume={7},
  number={4},
  pages={688--700},
  year={2016},
  publisher={Cambridge University Press}
}

@article{sutherland2018sharing,
  title={The sharing economy and digital platforms: A review and research agenda},
  author={Sutherland, Will and Jarrahi, Mohammad Hossein},
  journal={International Journal of Information Management},
  volume={43},
  pages={328--341},
  year={2018},
  publisher={Elsevier}
}

@Manual{Equifax,
    title = {What are the different ranges of credit},
    author = {{Equifax}},
    year = {2024},
    url = {https://www.equifax.com/personal/education/credit/score/articles/-/learn/credit-score-ranges/},
}

@Manual{lendingclub,
    title = {Lending-Club-Loan-Analysis},
    author = {matmcreative},
    year = {2024},
    url = {https://github.com/matmcreative/Lending-Club-Loan-Analysis}
}

@Manual{ConsumerBureau,
    title = {Borrower risk profiles},
    author = {{Consumer Financial Protection Bureau}},
    year = {2024},
    url = {https://www.consumerfinance.gov/data-research/consumer-credit-trends/student-loans/borrower-risk-profiles/},
}

@Manual{myFICO,
    title = {What's in my FICOÂ® Scores?},
    author = {{myFICO}},
    year = {2024},
    url = {https://www.myfico.com/credit-education/whats-in-your-credit-score#:~:text=FICO%20Scores%20are%20calculated%20using,and%20credit%20mix%20(10%25},
}

